
@mastersthesis{skomedal_improving_2022,
  title  = {Improving quantitative {EDS} of {III}-{V} heterostructure semiconductors in low voltage {STEM}},
  author = {Skomedal, Mari  Sofie},
  school = {Norwegian University of Science and Technology},
  year   = {2022}
}

@book{hollas_modern_2004,
  edition   = {4},
  title     = {Modern spectroscopy},
  isbn      = {978-0-470-84415-1 978-0-470-84416-8},
  language  = {en},
  publisher = {Wiley},
  author    = {Hollas, J. Michael},
  year      = {2004}
}

@mastersthesis{lundeby_improving_2019,
  title  = {Improving the accuracy of {TEM}-{EDX} quantification by implementing the zeta-factor method},
  author = {Lundeby, Daniel},
  school = {Norwegian University of Science and Technology},
  year   = {2019}
}

% master, theory
@book{goldstein_scanning_2018,
  title     = {Scanning {Electron} {Microscopy} and {X}-{Ray} {Microanalysis}},
  isbn      = {978-1-4939-6674-5 978-1-4939-6676-9},
  url       = {http://link.springer.com/10.1007/978-1-4939-6676-9},
  urldate   = {2022-10-19},
  publisher = {Springer},
  author    = {Goldstein, Joseph I. and Newbury, Dale E. and Michael, Joseph R. and Ritchie, Nicholas W. M. and Scott, John Henry J. and Joy, David C.},
  year      = {2018},
  edition   = {4},
  doi       = {10.1007/978-1-4939-6676-9}
}

@book{thompson_x-ray_2004,
  edition   = {2},
  title     = {X-{Ray} {Data} {Booklet}},
  language  = {en},
  publisher = {Lawrence Berkeley National Laboratory, University of California},
  author    = {Thompson, Albert C and Attwood, David T and Howells, Malcolm R and Kortright, Jeffrey B and Robinson, Arthur L and Underwood, James H and Kim, Kwang-Je and Kirz, Janos and Lindau, Ingolf and Pianetta, Piero and Winick, Herman and Williams, Gwyn P and Scofield, James H},
  year      = {2004}
}

@article{siegbahn_relations_1916,
  title   = {Relations between the {K} and {L} {Series} of the {High}-{Frequency} {Spectra}},
  volume  = {96},
  issn    = {1476-4687},
  url     = {https://doi.org/10.1038/096676b0},
  doi     = {10.1038/096676b0},
  number  = {2416},
  journal = {Nature},
  author  = {Siegbahn, Manne},
  month   = feb,
  year    = {1916},
  pages   = {676--676}
}

% master
% accuracy in EDS (TEM) is +- 5%
@book{williams_carter_companion_volume_2016,
  title     = {Transmission Electron Microscopy: Diffraction, Imaging, and Spectrometry},
  author    = {Carter, C.B. and Williams, D.B.},
  url       = {https://books.google.no/books?id=jrnmDAAAQBAJ},
  year      = {2016},
  publisher = {Springer}
}

% master
% accuracy in EDS (TEM) is +- 5%
% PREVIOUSLY TAGGED AS "carter2016transmission"
@book{williams_carter_tem_2009,
  title     = {Transmission Electron Microscopy: A Textbook for Materials Science},
  author    = {Carter, C.B. and Williams, D.B.},
  year      = {2009},
  edition   = {2},
  publisher = {Springer}
}

@book{python,
  title     = {Python reference manual},
  author    = {Van Rossum, Guido and Drake Jr, Fred L},
  year      = {1995},
  publisher = {Centrum voor Wiskunde en Informatica Amsterdam}
}

@misc{jupyter,
  title        = {Jupyter Notebooks -- a publishing format for reproducible computational workflows},
  author       = {Thomas Kluyver and Benjamin Ragan-Kelley and Fernando P{\'e}rez and Brian Granger and Matthias Bussonnier and Jonathan Frederic and Kyle Kelley and Jessica Hamrick and Jason Grout and Sylvain Corlay and Paul Ivanov and Dami{\'a}n Avila and Safia Abdalla and Carol Willing},
  booktitle    = {Positioning and Power in Academic Publishing: Players, Agents and Agendas},
  editor       = {F. Loizides and B. Schmidt},
  organization = {IOS Press},
  pages        = {87 - 90},
  year         = {2016}
}

@misc{hyperspy_1.7.1,
  author    = {Francisco de la Peña and Eric Prestat and Vidar Tonaas Fauske and Pierre Burdet and Jonas Lähnemann and Petras Jokubauskas and Tom Furnival and Magnus Nord and Tomas Ostasevicius and Katherine E. MacArthur and Duncan N. Johnstone and Mike Sarahan and Thomas Aarholt and Joshua Taillon and pquinn-dls and Vadim Migunov and Alberto Eljarrat and Jan Caron and Carter Francis and T. Nemoto and Timothy Poon and Stefano Mazzucco and actions-user and Nicolas Tappy and Niels Cautaerts and Suhas Somnath and Tom Slater and Michael Walls and Florian Winkler and DENSmerijn},
  title     = {HyperSpy/hyperspy: Release v1.7.4},
  month     = may,
  year      = 2023,
  publisher = {Zenodo},
  version   = {v1.7.1},
  doi       = {10.5281/zenodo.6659919},
  url       = {https://doi.org/10.5281/zenodo.6659919}
}


% NumPy
@article{numpy,
  title     = {Array programming with {NumPy}},
  author    = {Charles R. Harris and K. Jarrod Millman and St{\'{e}}fan J. van der Walt and Ralf Gommers and Pauli Virtanen and David Cournapeau and Eric Wieser and Julian Taylor and Sebastian Berg and Nathaniel J. Smith and Robert Kern and Matti Picus and Stephan Hoyer and Marten H. van Kerkwijk and Matthew Brett and Allan Haldane and Jaime Fern{\'{a}}ndez del R{\'{i}}o and Mark Wiebe and Pearu Peterson and Pierre G{\'{e}}rard-Marchant and Kevin Sheppard and Tyler Reddy and Warren Weckesser and Hameer Abbasi and Christoph Gohlke and Travis E. Oliphant},
  year      = {2020},
  month     = sep,
  journal   = {Nature},
  volume    = {585},
  number    = {7825},
  pages     = {357--362},
  doi       = {10.1038/s41586-020-2649-2},
  publisher = {Springer Science and Business Media {LLC}},
  url       = {https://doi.org/10.1038/s41586-020-2649-2}
}

% SciPy
@article{2020SciPy,
  author  = {Virtanen, Pauli and Gommers, Ralf and Oliphant, Travis E. and Haberland, Matt and Reddy, Tyler and Cournapeau, David and Burovski, Evgeni and Peterson, Pearu and Weckesser, Warren and Bright, Jonathan and {van der Walt}, St{\'e}fan J. and Brett, Matthew and Wilson, Joshua and Millman, K. Jarrod and Mayorov, Nikolay and Nelson, Andrew R. J. and Jones, Eric and Kern, Robert and Larson, Eric and Carey, C J and Polat, {\.I}lhan and Feng, Yu and Moore, Eric W. and {VanderPlas}, Jake and Laxalde, Denis and Perktold, Josef and Cimrman, Robert and Henriksen, Ian and Quintero, E. A. and Harris, Charles R. and Archibald, Anne M. and Ribeiro, Ant{\^o}nio H. and Pedregosa, Fabian and {van Mulbregt}, Paul and {SciPy 1.0 Contributors}},
  title   = {{{SciPy} 1.0: Fundamental Algorithms for Scientific Computing in Python}},
  journal = {Nature Methods},
  year    = {2020},
  volume  = {17},
  pages   = {261--272},
  adsurl  = {https://rdcu.be/b08Wh},
  doi     = {10.1038/s41592-019-0686-2}
}

% plotly
@misc{2015plotly,
  author    = {Plotly},
  title     = {Plotly Technologies Inc. - Collaborative data science},
  publisher = {Plotly Technologies Inc.},
  address   = {Montreal, QC},
  year      = {2015},
  note      = {\url{https://plot.ly}}
}


% AL-Mg-Mn-Fe-Cu alloy
@article{al_alloy,
  author  = {Wojciech, Stanisław, Ozgowicz and Kalinowska-Ozgowicz, E. and Kowalski, Aleksander and Gołombek, Klaudiusz},
  year    = {2011},
  month   = {01},
  pages   = {148-156},
  title   = {The structure and mechanical properties of Al-Mg-Mn alloys shaped in the process of thermomechanical treatment},
  volume  = {45},
  journal = {Journal of Achievements in Materials and Manufacturing Engineering}
}



% Oxford Xmax 80
@misc{oxford_xmax_80,
  author       = {{Oxford Instruments}},
  title        = {{X-Max 80 - Oxford Instruments}},
  publisher    = {Oxford Instruments},
  address      = {Abingdon, UK},
  year         = {2008},
  howpublished = {Accessed 10.02.23 at \url{https://documents.uow.edu.au/content/groups/public/@web/@aiim/documents/doc/uow154676.pdf}}
}
  note         = {Document reference: OIA/160/A/0908}


% broadening of peaks
@article{broadening_broduscha,
  title    = {Improvement of the energy resolution of energy dispersive spectrometers (EDS) using Richardson–Lucy deconvolution},
  journal  = {Ultramicroscopy},
  volume   = {209},
  pages    = {112886},
  year     = {2020},
  issn     = {0304-3991},
  doi      = {https://doi.org/10.1016/j.ultramic.2019.112886},
  url      = {https://www.sciencedirect.com/science/article/pii/S0304399119302438},
  author   = {Nicolas Brodusch and Karim Zaghib and Raynald Gauvin},
  keywords = {Lithium, Peak overlap, Soft x-rays, Windowless detector}
}



% Cliff-Lorimer 1975
@article{CL1975,
  author  = {Cliff, G. and Lorimer, G. W.},
  title   = {The quantitative analysis of thin specimens},
  journal = {Journal of Microscopy},
  volume  = {103},
  number  = {2},
  pages   = {203-207},
  doi     = {https://doi.org/10.1111/j.1365-2818.1975.tb03895.x},
  year    = {1975}
}



% ZAF
@article{ZAF_1978,
  author  = {Löddings, B. and Reimer, L.},
  title   = {Energy dispersive X-Ray microanalysis on tilted specimens using a modified ZAF correction},
  journal = {Scanning},
  volume  = {1},
  number  = {4},
  pages   = {225-229},
  doi     = {https://doi.org/10.1002/sca.4950010402},
  url     = {https://onlinelibrary.wiley.com/doi/abs/10.1002/sca.4950010402},
  year    = {1978}
}




% prosjekt
% EDS denoise
@article{moreira_2022,
  title     = {Improving Quantitative EDS Chemical Analysis of Alloy Nanoparticles by PCA Denoising: Part I, Reducing Reconstruction Bias},
  volume    = {28},
  doi       = {10.1017/S1431927621013933},
  number    = {2},
  journal   = {Microscopy and Microanalysis},
  publisher = {Cambridge University Press},
  author    = {Moreira, Murilo and Hillenkamp, Matthias and Divitini, Giorgio and Tizei, Luiz H. G. and Ducati, Caterina and Cotta, Monica A. and Rodrigues, Varlei and Ugarte, Daniel},
  year      = {2022},
  pages     = {338-349}
}

% master, theory
% AZtec user manual
@misc{aztec_manual,
  author = {{Oxford Instruments}},
  title  = {{AZtec} user manual},
  year   = {2013},
  note   = {Accessed 20.01.23 at \url{https://utw10193.utweb.utexas.edu/InstrumentManuals/Oxford%20EDS%20AZtec%20User%20Manual.pdf}}
}

% master, theory
% Duane-Hunt
@article{Duane_Hunt_1915,
  title     = {{On X-Ray Wave-Lengths}},
  author    = {Duane, W. and Hunt, F. L.},
  journal   = {Phys. Rev.},
  volume    = {6},
  issue     = {2},
  pages     = {166-172},
  year      = {1915},
  month     = {Aug},
  publisher = {American Physical Society},
  doi       = {10.1103/PhysRev.6.166},
  url       = {https://link.aps.org/doi/10.1103/PhysRev.6.166}
}

% master, theory
% Software - DTSA-II
@misc{software_dtsaii,
  author       = {Ritchie, Nicholas W M},
  title        = {{DTSA-II}},
  howpublished = {National Institute of Standards and Technology},
  year         = {2007},
  note         = {Software available at \url{https://cstl.nist.gov/div837/837.02/epq/dtsa2/index.html}}
}

% master, theory
% DTSA-ii 1: Manipulating Spectra with DTSA-II
@article{dtsaii_1_getting_started,
  author  = {Ritchie, Nicholas},
  year    = {2011},
  month   = {01},
  title   = {{Getting Started with NIST DTSA-II}},
  volume  = {19},
  journal = {Microscopy Today},
  doi     = {10.1017/S155192951000132X}
}

% master, theory
% DTSA-ii 2: Manipulating Spectra with DTSA-II
@article{dtsaii_2_manipulating_spectra,
  author  = {Ritchie, Nicholas W M},
  title   = {{Manipulating Spectra with DTSA-II}},
  journal = {Microscopy Today},
  volume  = {19},
  number  = {3},
  pages   = {34-39},
  year    = {2011},
  month   = {04},
  issn    = {1551-9295},
  doi     = {10.1017/S1551929511000290},
  url     = {https://doi.org/10.1017/S1551929511000290},
  eprint  = {https://academic.oup.com/mt/article-pdf/19/3/34/47453349/mt0034.pdf}
}

% master, theory
% charging of samples https://www.ncbi.nlm.nih.gov/pmc/articles/PMC5486231/
@article{postek_charging_2015,
  author  = {Postek, Michael and Vladár, András},
  year    = {2015},
  month   = {10},
  title   = {{Does Your SEM Really Tell the Truth?-How Would You Know? Part 4: Charging and its Mitigation}},
  volume  = {9636},
  journal = {Proceedings of SPIE--the International Society for Optical Engineering},
  doi     = {10.1117/12.2195344}
}


% master, theory
% energy resolution in EDS
@article{keith_energy_res_2013,
  author  = {Thompson, Keith},
  title   = {{Is Energy Resolution Still an Important Specification in EDS?}},
  journal = {Microscopy Today},
  volume  = {21},
  number  = {4},
  pages   = {30-34},
  year    = {2013},
  month   = {07},
  issn    = {1551-9295},
  doi     = {10.1017/S1551929513000576}
}


% master, theory
% energy resolution, NiO test sample results from 5 labs
@article{bennett_egerton_1995,
  title     = {{NiO Test Specimens for Analytical Electron Microscopy: Round-Robin Results}},
  volume    = {1},
  doi       = {10.1017/S1431927695111435},
  number    = {4},
  journal   = {Microscopy and Microanalysis},
  publisher = {Cambridge University Press},
  author    = {Bennett, J.C. and Egerton, R.F.},
  year      = {1995},
  pages     = {143-149}
}


% master, theory
% Ted Pella. Inc. NiO info sheet
@manual{ted_pella_nio_tem_2019,
  title        = {{Technical Notes: Evaluating an Analytical TEM with the NIOX Test Specimen}},
  organization = {{Ted Pella, Inc.}},
  year         = {2019},
  address      = {Redding, CA, USA},
  note         = {Accessed 10.02.23 at \url{https://www.tedpella.com/}}
}


% master, introduction, theory
% original NiO test sample paper
@article{egerton_nio_characterization_1994,
  title   = {Characterization of an analytical electron microscope with a NiO test specimen},
  journal = {Ultramicroscopy},
  volume  = {55},
  number  = {1},
  pages   = {43-54},
  year    = {1994},
  issn    = {0304-3991},
  doi     = {https://doi.org/10.1016/0304-3991(94)90079-5},
  url     = {https://www.sciencedirect.com/science/article/pii/0304399194900795},
  author  = {R.F. Egerton and S.C. Cheng}
}


% master, theory
% Fiori peak to background ratio
@article{fiori_peak_background_1982,
  author  = {Fiori, C. and Swyt, C. and Ellis, J.},
  journal = {Microbeam Analysis 1982},
  year    = {1982},
  title   = {The theoretical characteristic to continuum ratio in energy dispersive analysis in the analytical electron microscope},
  pages   = {57-71}
}


ZEMYAN, S. M., & WILLIAMS, D. B. (1994). 
Standard performance criteria for analytical electron microscopy. 
Journal of Microscopy, 174(1), 1–14. doi:10.1111/j.1365-2818.1994.tb04318.x 

% master, theory
% Zemyan and Williams 1994
@article{zemyan_standard_performance_1994,
  author  = {Zemyan, S. M. and Williams, D. B.},
  title   = {Standard performance criteria for analytical electron microscopy},
  journal = {Journal of Microscopy},
  volume  = {174},
  number  = {1},
  pages   = {1-14},
  year    = {1994},
  issn    = {1365-2818},
  doi     = {10.1111/j.1365-2818.1994.tb04318.x},
  url     = {https://doi.org/10.1111/j.1365-2818.1994.tb04318.x}
}


% master, theory
% Williams 1986, standard definitions
https://bibsys-almaprimo.hosted.exlibrisgroup.com/primo-explore/fulldisplay?vid=NTNU_UB&search_scope=default_scope&tab=default_tab&docid=BIBSYS_ILS71488306410002201&lang=no_NO&context=L&adaptor=Local%20Search%20Engine&query=any,contains,microbeam%20analysis,AND&pfilter=dr_s,exact,19820101,AND&pfilter=dr_e,exact,19821231,AND&mode=advanced&offset=0

Williams. D. B. (1986) Standardized definitions of x-ray analysis
performance criteria in the AEM. Microbeam Analysis-1 986 (ed.
by A. D. Romig, Jr. & W. F. Chambers), pp. 443-448. San
Francisco Press, San Francisco, CA. 
@article{williams_standard_definitions_1986,
  author  = {Williams, D. B.},
  title   = {{Standardized definitions of X-ray analysis performance criteria in the AEM}},
  journal = {Microbeam Analysis 1986},
  year    = {1986},
  pages   = {443-448},
  address = {San Francisco Press, San Francisco, CA}
}


% master, theory
% EDAX insight Vol. 16 No. 3 - september 2018
@article{edax_insight_2018,
  author  = {{EDAX}},
  title   = {{Elite T EDS System for the TEM}},
  journal = {{EDAX} Insight},
  volume  = {16},
  number  = {3},
  year    = {2018},
  month   = {09}
}


% master, introduction
% .emsa ISO standard
@techreport{iso_emsa_22029,
  type        = {Standard},
  author      = {{ISO 22029:2022}},
  key         = {{ISO 22029:2022}},
  year        = {2022},
  title       = {{Microbeam analysis — EMSA/MAS standard file format for spectral-data exchange}},
  institution = {Microbeam analysis},
  number      = 3,
  note        = {Accessed 16.02.23 at \url{https://www.iso.org/standard/78268.html}}
}


% master, introduction
% jenkins_xrayspectroscopy, Practcal X-ray Spectroscopy
@book{jenkins_xrayspectroscopy,
  author    = {R. Jenkins and J. L. {De Vries}},
  title     = {Practical X-ray Spectroscopy},
  publisher = {Springer},
  year      = {1982},
  edition   = {2}
}


% master, introduction
% XRF resolution
@article{xrf_spatial_resolution,
  author  = {Dehlinger, M. and Fauquet, C. and Lavandier, S. and Aumporn, O. and Jandard, F. and Arkadiev, V. and Bjeoumikhov, A. and Tonneau, D.},
  journal = {Nanoscale research letters},
  number  = {1},
  title   = {Spatial resolution of confocal {XRF} technique using capillary optics},
  volume  = {8},
  year    = {2013},
  doi     = {https://doi.org/10.1186/1556-276X-8-271}
}


% master, introduction
% Nilsen, factorless quantification
J. S. Nilsen and A. T. van Helvoort, ‘Composition analysis by STEM-EDX of ternary
semiconductors by internal references’, Microscopy and Microanalysis, vol. 28, pp. 61–69,
2021.
@article{nilsen_factorless_2021,
  author  = {Nilsen, J. S. and van Helvoort, A. T.},
  title   = {{Composition analysis by STEM-EDX of ternary semiconductors by internal references}},
  journal = {Microscopy and Microanalysis},
  volume  = {28},
  pages   = {61-69},
  year    = {2021}
}


% master, introduction
% importance of open-source
@article{opensource_2013,
  author  = {Tchantchaleishvili, Vakhtang and Wilson, Michael},
  year    = {2013},
  month   = {06},
  title   = {The Importance of Free and Open Source Software and Open Standards in Modern Scientific Publishing},
  volume  = {1},
  journal = {Publications},
  doi     = {10.3390/publications1020049}
}

% Inger-Emma Nylund, 2017, Evaluation of energy-dispersive spectroscopy characteristics for improved compositional analysis
@mastersthesis{nylund_evaluation_2017,
  author = {Nylund, Inger-Emma},
  title  = {Evaluation of energy-dispersive spectroscopy characteristics for improved compositional analysis},
  year   = {2017},
  school = {Norwegian University of Science and Technology}
}


% master, introduction
xrf_detection_limit
@incollection{xrf_detection_limit,
  title     = {13 - {Arsenic}},
  editor    = {Robert D. Morrison and Brian L. Murphy},
  booktitle = {Environmental Forensics},
  publisher = {Academic Press},
  address   = {Burlington},
  pages     = {279-292},
  year      = {1964},
  isbn      = {978-0-12-507751-4},
  doi       = {https://doi.org/10.1016/B978-012507751-4/50035-5},
  url       = {https://www.sciencedirect.com/science/article/pii/B9780125077514500355},
  author    = {Jennifer K. Saxe and Teresa S. Bowers and Kim Reynolds Reid}
}


% master, theory
% Webpage from Oxford Instruments
% https://nano.oxinst.com/products/ultim-max 
@misc{oxford_ultim_max,
  author = {{Oxford Instruments}},
  title  = {Ultim {Max}},
  year   = {2022},
  note   = {Accessed 10.02.23 at \url{https://nano.oxinst.com/products/ultim-max}}
}


% master, theory
% SDD detector
@article{sdd_lechner_2001,
  title   = {{Silicon drift detectors for high count rate X-ray spectroscopy at room temperature}},
  journal = {{Nuclear Instruments and Methods in Physics Research Section A: Accelerators, Spectrometers, Detectors and Associated Equipment}},
  volume  = {458},
  number  = {1},
  pages   = {281-287},
  year    = {2001},
  issn    = {0168-9002},
  doi     = {https://doi.org/10.1016/S0168-9002(00)00872-X},
  url     = {https://www.sciencedirect.com/science/article/pii/S016890020000872X},
  author  = {P. Lechner and C. Fiorini and R. Hartmann and J. Kemmer and N. Krause and P. Leutenegger and A. Longoni and H. Soltau and D. Stötter and R. Stötter and L. Strüder and U. Weber}
}

% master, introduction
% Book in TMT4185 Materialteknologi
@book{callister2014materials,
  title     = {Materials Science and Engineering},
  author    = {Callister, W.D. and Rethwisch, D.G.},
  isbn      = {9781118319222},
  url       = {https://books.google.no/books?id=99UeMAEACAAJ},
  year      = {2014},
  publisher = {Wiley}
}


% master, theory
% Book in Nanoverktøy
@book{goodhew_2001,
  title     = {Electron Microscopy and Analysis},
  author    = {Goodhew, Peter J. and Humphreys, John and Beanland, Richard},
  year      = {2001},
  edition   = {3},
  publisher = {Taylor and Francis}
}



% master, theory
% Book in elmag, elektromagnetisme
@book{notaros_electromagnetics_2010,
  title     = {Electromagnetics},
  author    = {Branislav M. Notaros},
  year      = {2010},
  publisher = {Pearson},
  edition   = {1}
}


% master, theory
% Everhart Thornley
doi:10.1088/0950-7671/37/7/307
@article{everhart_detector1960,
  title   = {Wide-band detector for micro-microampere low-energy electron currents},
  author  = {Everhart, T. E. and Thornley, R. F. M.},
  journal = {Journal of Scientific Instruments},
  volume  = {37},
  number  = {7},
  pages   = {246-248},
  year    = {1960}
}


% master, theory
% SE as spectrum
Koshikawa T, Shimizu R (1973) Secondary electron and backscattering measurements for polycrystalline copper with a retarding-field analyser. J Phys D Appl Phys 6:1369
@article{koshikawa_SE_spectrum_1973,
  title   = {Secondary electron and backscattering measurements for polycrystalline copper with a retarding-field analyser},
  author  = {Koshikawa, T. and Shimizu, R.},
  journal = {Journal of Physics D: Applied Physics},
  volume  = {6},
  number  = {11},
  pages   = {1369},
  year    = {1973},
  doi     = {10.1088/0022-3727/6/11/001}
}


% master, theory
% Oxford Instruments, SDD explained
@misc{oxford_sdd_explained,
  author    = {{Oxford Instruments}},
  title     = {Silicon Drift Detectors Explained},
  publisher = {Oxford Instruments},
  address   = {Abingdon, UK},
  year      = {2012},
  note      = {Accessed 20.02.23 at \url{https://engineering.temple.edu/sites/engineering/files/Oxford%20EDS-%20Silicon%20Drift%20Detectors%20Explained.pdf}}
}

% master, theory
% ionization cross section, on Bethe
@article{inokuti_on_bethe_1971,
  title     = {Inelastic Collisions of Fast Charged Particles with Atoms and Molecules---The Bethe Theory Revisited},
  author    = {Inokuti, Mitio},
  journal   = {Rev. Mod. Phys.},
  volume    = {43},
  issue     = {3},
  pages     = {297-347},
  numpages  = {0},
  year      = {1971},
  month     = {Jul},
  publisher = {American Physical Society},
  doi       = {10.1103/RevModPhys.43.297},
  url       = {https://link.aps.org/doi/10.1103/RevModPhys.43.297}
}


% master, theory
% EDS quality control standard
@techreport{iso_qc_15632,
  type        = {Standard},
  author      = {{ISO 1532:2021}},
  key         = {{ISO 1532:2021}},
  year        = {2021},
  title       = {{Microbeam analysis — Selected instrumental performance parameters for the specification and checking of energy-dispersive X-ray spectrometers (EDS) for use with a scanning electron microscope (SEM) or an electron probe microanalyser (EPMA)}},
  institution = {Microbeam analysis},
  number      = 3
}


% master, theory
% EDS quantification
@techreport{iso_quantification_22309,
  type        = {Standard},
  author      = {{ISO 22309:2011}},
  key         = {{ISO 22309:2011}},
  year        = {2011},
  title       = {{Microbeam analysis — Quantitative analysis using energy-dispersive spectrometry (EDS) for elements with an atomic number of 11 (Na) or above}},
  institution = {Microbeam analysis},
  number      = 2
}


% master, theory
% EDS quantification
@techreport{astm_e1508_eds_quantification,
  type        = {Standard},
  author      = {{ASTM E1508-12a(2019)}},
  key         = {{ASTM E1508-12a(2019)}},
  year        = {2019},
  title       = {{Standard Guide for Quantitative Analysis by Energy-Dispersive Spectroscopy}},
  institution = {{ASTM Subcommittee E04.11 on X-Ray and Electron Metallography}}
}


% master, theory
% Prosjekroppgaven
@misc{project_report,
  author       = {Brynjar Morka Mæhlum},
  howpublished = {Norwegian University of Science and Technology},
  title        = {{Improving qualitative and quantitative SEM EDS analysis with open-source data processing}},
  year         = {2022},
  note         = {Project report in TFY4520}
}


% master, theory
% probability of ionization with too much energy
@book{curry_radiology_k_absorption,
  author    = {Curry, Thomas S. and Dowdey, James E. and Murry, Robert C.},
  publisher = {Lippincott Williams and Wilkins},
  title     = {Christensen's Physics of Diagnostic Radiology},
  year      = {1990},
  edition   = {4}
}


% master, theory
% IUPAC X-ray naming
@article{IUPAC_nomenclature1991,
  author  = {Jenkins, R. and Manne, R. and Robin, R. and Senemaud, C.},
  title   = {{IUPAC - Nomenclature system for X-ray spectroscopy}},
  journal = {Pure and Applied Chemistry (IUPAC Publications)},
  volume  = {63},
  number  = {5},
  pages   = {735-746},
  year    = {1991}
}


% master, theory
% NIST, X-ray energies

@misc{nist_xraydatabase,
  author       = {Deslattes, R. D. and Kessler, E. G. and Indelicato, P. and de Billy, L. and Lindroth, E. and Anton, J. and Coursey, J. S. and Schwab, D. J. and Chang, C. and Sukumar, R. and Olsen, K. and Dragoset, R. A.},
  title        = {{NIST Standard Reference Database 128: "X-ray Transition Energies (version 1.2)"}},
  year         = {2005},
  howpublished = {National Institute of Standards and Technology, Gaithersburg, MD.},
  note         = {Accessed 16.04.23 at \url{http://physics.nist.gov/XrayTrans}}
}


@misc{nist_xraydatabase_hyperspy,
  author       = {C.T. Chantler and K. Olsen and R.A. Dragoset and J. Chang and A.R. Kishore and S.A. Kotochigova  and D.S. Zucker},
  title        = {{Detailed Tabulation of Atomic Form Factors, Photoelectric Absorption and Scattering Cross Section, and Mass Attenuation Coefficients for Z = 1-92 from E = 1-10 eV to E = 0.4-1.0 MeV}},
  year         = {2005},
  howpublished = {Standard Reference Database 66 from the National Institute of Standards and Technology, Gaithersburg, MD.},
  note         = {Accessed 16.04.23 at \url{https://www.nist.gov/pml/x-ray-form-factor-attenuation-and-scattering-tables}, also published in J. Phys. Chem. Ref. Data 29, pp. 597-1048, 2000}
}

% master, theory
% formula for X-ray intensity in bulk
@article{lifshin1980,
  author  = {Lifshin, E. and Ciccarelli, M. F. and Bolon, R. B.},
  journal = {Pendell Midland, Michigan},
  title   = {Proceedings of the 8th International Conference on X-ray Optics and Microanalysis},
  year    = {1980},
  pages   = {141}
}


% master, theory
% EDAX insight Vol. 16 No. 3 - september 2018, Background Analysis and Modeling
@article{edax_insight_2019,
  author  = {{EDAX}},
  title   = {{Background Analysis and Modeling}},
  journal = {{EDAX} Insight},
  volume  = {17},
  number  = {3},
  year    = {2019},
  month   = {09}
}


% master, theory
% https://www.globalsino.com/EM/
@article{liao2006practical,
  title   = {Practical electron microscopy and database},
  author  = {Liao, Yougui},
  journal = {An Online Book},
  year    = {2006}
}


% master, theory
% absorption edge numbers
@article{absorptionEdges_1967,
  title     = {{Reevaluation of X-Ray Atomic Energy Levels}},
  author    = {Bearden, J. A. and Burr, A. F.},
  journal   = {Rev. Mod. Phys.},
  volume    = {39},
  issue     = {1},
  pages     = {125--142},
  year      = {1967},
  month     = {Jan},
  publisher = {American Physical Society},
  doi       = {10.1103/RevModPhys.39.125},
  url       = {https://link.aps.org/doi/10.1103/RevModPhys.39.125}
}


% master, theory
% Deadtime adviced under 10 or 15
% doi: 10.1007/s10853-014-8685-2. Epub 2014 Nov 12. PMID: 26346887; PMCID: PMC4555346.
% https://www.ncbi.nlm.nih.gov/pmc/articles/PMC4555346/
@article{newbury_deadtime_2014,
  author  = {Newbury, D. E. and Ritchie, N. W.},
  journal = {Journal of Materials Science},
  number  = {2},
  title   = {{Performing elemental microanalysis with high accuracy and high precision by scanning electron microscopy/silicon drift detector energy-dispersive X-ray spectrometry (SEM/SDD-EDS)}},
  volume  = {50},
  year    = {2015},
  pages   = {493-518}
}


% master, theory
% watanabe and williams on zeta factor
M. Watanabe and D. Williams, ‘The quantitative analysis of thin specimens: A review of progress from the Cliff-Lorimer to the new ζ-factor methods’, Journal of microscopy, vol. 221, pp. 89–109, 2006.
@article{watanabe_williams_zeta_2006,
  author  = {Watanabe, M. and Williams, D.},
  journal = {Journal of microscopy},
  title   = {{The quantitative analysis of thin specimens: A review of progress from the Cliff-Lorimer to the new zeta-factor methods}},
  volume  = {221},
  year    = {2006},
  pages   = {89-109}
}


% master, theory
% low importance of F in ZAF, P. Burdet
% https://www.researchgate.net/publication/268753092_Enhanced_Quantification_for_3D_SEM-EDS_Using_the_full_set_of_available_X-ray_lines/citation/download
@article{burdet_2014_3dsem,
  author  = {Burdet, Pierre and Croxall, Stephen and Midgley, Paul},
  year    = {2014},
  month   = {10},
  title   = {{Enhanced Quantification for 3D SEM-EDS: Using the full set of available X-ray lines}},
  volume  = {148},
  journal = {Ultramicroscopy},
  doi     = {10.1016/j.ultramic.2014.10.010}
}


% master, theory
% electron range, from HyperSpy
@article{kanaya1972,
  author  = {Kanaya, K. and Okayama, S.},
  title   = {Penetration and energy-loss theory of electrons in solid targets},
  journal = {J. Phys. D. Appl. Phys.},
  year    = {1972},
  volume  = {5},
  pages   = {43}
}

% master, theory
% bastin_proza96_1998
@article{bastin_proza96_1998,
  author  = {Bastin, G. F. and Dijkstra, J. M. and Heijligers, H. J. M.},
  journal = {X-Ray Spectrometry},
  title   = {{PROZA96: an Improved Matrix Correction Program for Electron Probe Microanalysis, Based on a Double Approach Gaussian phi(rho z)}},
  volume  = {27},
  number  = {1},
  pages   = {3-10},
  year    = {1998}
}


% master, theory
bastin_proza_1988
@inproceedings{bastin_proza_1988,
  author    = {Bastin, G. F. and Heijligers, H. J. M.},
  booktitle = {Electron Probe Quantitation, Workshop at the National Bureau of Standards},
  title     = {{Quantitative Electron Probe Microanalysis of Ultra-Light Elements (Boron-Oxygen)}},
  year      = {1988},
  editor    = {Heinrich, K. F. J. and Newbury, D. E.},
  pages     = {145-161},
  publisher = {Plenum Press, New York}
}


% master, theory
pap_1991
@article{pap_1991,
  author    = {Pouchou, Jean-Louis and Pichoir, Françoise},
  journal   = {Electron Probe Quantitation},
  title     = {{Quantitative analysis of homogeneous or stratified microvolumes applying the model "PAP"}},
  year      = {1991},
  pages     = {31-75},
  publisher = {Plenum Press, New York}
}


castaing_1951
@incollection{castaing_1951,
  title     = {Electron Probe Microanalysis},
  editor    = {L. Marton and Claire Marton},
  booktitle = {Advances in Electronics and Electron Physics},
  publisher = {Academic Press},
  volume    = {13},
  pages     = {317-386},
  year      = {1960},
  issn      = {0065-2539},
  doi       = {https://doi.org/10.1016/S0065-2539(08)60212-7},
  url       = {https://www.sciencedirect.com/science/article/pii/S0065253908602127},
  author    = {Raymond Castaing}
}

% master, theory
philbert_1963
@incollection{philbert_1963,
  title     = {{X-ray Optics and X-ray Microanalysis}},
  booktitle = {Advances in Electronics and Electron Physics},
  publisher = {Academic Press},
  pages     = {317-386},
  year      = {1963},
  author    = {J Philibert}
}


% master, theory
packwood_1981
@article{packwood_1981,
  author  = {R. H. Packwood and J. D. Brown},
  journal = {X-ray Spectrometry},
  number  = {3},
  title   = {{A Gaussian expression to describe phi(rho z) curves for quantitative electron probe microanalysis}},
  volume  = {10},
  year    = {1981},
  pages   = {138-146}
}


% master, theory
love_scott_1990
@article{love_scott_1990,
  author  = {V. D. Scott and G. Love},
  journal = {Scanning},
  number  = {4},
  title   = {The prospects of a universal correction procedure for quantitative {EPMA}},
  volume  = {12},
  year    = {1990},
  pages   = {193-202}
}


% master, theory
Goldstein 2. ed
@book{goldstein_2ed_1992,
  author    = {Joseph I. Goldstein and Dale E. Newbury and Patrick Echlin and David C. Joy and A. D. Romig and Charles E. Lyman and Charles Fiori and Eric Lifshin},
  title     = {{Scanning Electron Microscopy and X-Ray Microanalysis}},
  publisher = {Springer},
  year      = {1992},
  edition   = {2}
}


% master, theory
Reimer, mathematical SEM approach
@book{reimer_sem,
  title     = {{Scanning Electron Microscopy: Physics of Image Formation and Microanalysis}},
  author    = {Reimer, L.},
  series    = {Springer Series in Optical Sciences},
  year      = {1998},
  publisher = {Springer},
  edition   = {2}
}


% master, theory
HS ionization cross section
@article{MacArthur_crosssection_2016,
  author  = {K. MacArthur and T. Slater and S. Haigh and D. Ozkaya and P. Nellist and S. Lozano-Perez},
  title   = {{Quantitative Energy-Dispersive X-Ray Analysis of Catalyst Nanoparticles Using a Partial Cross Section Approach}},
  journal = {Microsc. Microanal.},
  year    = {2016},
  volume  = {22},
  pages   = {71-81}
}


% master, discussion
newbury_2005_misidentification
Misidentification of Major Constituents by Automatic Qualitative Energy Dispersive X-ray Microanalysis: A Problem that Threatens the Credibility of the Analytical Community
@article{newbury_2005_misidentification,
  author  = {Newbury, Dale E. },
  journal = {Microsc. Microanal.},
  pages   = {545-561},
  title   = {{Misidentification of Major Constituents by Automatic Qualitative Energy Dispersive X-ray Microanalysis: A Problem that Threatens the Credibility of the Analytical Community}},
  volume  = {11},
  year    = {2005}
}

% master, theory
% blog post from Oxford Instruments, CL
@misc{oxford_blog_CL,
  author = {Sam Marks},
  title  = {{Oxford Instruments blog post: "What makes TEM EDS different from SEM EDS"?}},
  year   = {2022},
  note   = {Accessed 10.02.23 at \url{https://www.oxinst.com/blogs/what-makes-tem-eds-different-from-sem-eds}}
}

% master, theory
% blog post from Oxford Instruments, XPP
@misc{oxford_blog_XPP,
  author = {Simon Burgess},
  title  = {{Oxford Instruments blog post: "How to overcome challenges in publishing EDS results"?}},
  year   = {2021},
  note   = {Accessed 10.02.23 at \url{https://www.oxinst.com/blogs/how-to-overcome-challenges-in-publishing-eds-results}}
}


% master, discussion
% AZtec in nature publication
@article{aztec_nature_2019,
  author  = {Bennett, E.N. and Jenner, F.E. and Millet, M.-A. and Cashman, K.V. and Kent, A.J.R. and Stolper, E.M.},
  journal = {Nature},
  title   = {Deep roots for mid-ocean-ridge volcanoes revealed by plagioclase-hosted melt inclusions},
  volume  = {572},
  year    = {2019}
}


% Oxford Xmax 80
@misc{xmaxn_datasheet,
  author       = {{Oxford Instruments}},
  title        = {{X-MaxN 20/50/80/150mm2 SDD - Technical Datasheet}},
  publisher    = {Oxford Instruments},
  address      = {Abingdon, UK},
  year         = {2016},
  howpublished = {Accessed 25.05.23 at \url{https://smlouvy.gov.cz/smlouva/soubor/9628379/08_XMAX%20N%20TDS.pdf}}
}

% flatness of specimen
% https://www.cambridge.org/core/services/aop-cambridge-core/content/view/E9E18A67EED08A3A7F23C4559F81DE93/S1431927613008210a.pdf/quantitative-semeds-step-1-what-constitutes-a-sufficiently-flat-specimen.pdf
@article{newbury_ritchie_2013_flatness,
  author  = {Newbury, Dale E. and Ritchie, Nicholas W. M.},
  journal = {Microsc. Microanal.},
  pages   = {S2-S3},
  title   = {{Quantitative SEM/EDS, Step 1: What Constitutes a Sufficiently Flat Specimen?}},
  volume  = {19},
  year    = {2013}
}